@MISC{CIDRAP,
  author =       	  {CIDRAP},
  title =       	  {Researchers identify fifth dengue subtype},
  howpublished = 	  {Consultado na INTERNET: \\http://www.cidrap.umn.edu/news-perspective/2013/10/researchers-identify-fifth-dengue-subtype},
  year =         	  {2015}
}

@MISC{FIOCRUZ,
  author =       	  {Fundação Oswaldo Cruz},
  title =       	  {Como a Wolbachia atua no controle da Dengue},
  howpublished = 	  {Consultado na INTERNET: http://www.fiocruz.br/ioc/cgi/cgilua.exe/sys/start.htm?infoid=1591\&sid=32},
  year =         	  {2015}
}

@PHDTHESIS{honorio,
  AUTHOR =		  {Nildimar A. Honório},
  TITLE =		  {Indicadores da distribuição espacial e temporal de Aedes (Stegomya) aegypti (Linnaeus, 1762) (Diptera: Culicidae) associados às variáveis, climáticas, ambientais e transmissão de dengue},
  SCHOOL =		  {Fundação Oswaldo Cruz},
  YEAR =		  {2009},
  type =		  {Tese de Doutorado},
  address =		  {Rio de Janeiro, RJ}, 
  howpublished = 	  {Consultado na INTERNET: https://www.arca.fiocruz.br/bitstream/icict/5826/1/nildimar_a_honorio_ioc_bp_0038_2009.pdf}
}

@MISC{IOC,
  author =       	  {Instituto Oswaldo Cruz - IOC},
  title =       	  {Dengue, vírus e vetor},
  howpublished = 	  {Consultado na INTERNET: http://www.ioc.fiocruz.br/dengue/textos/longatraje.html},
  year =         	  {2014}
}

@ARTICLE{embo,
  AUTHOR =		  {Iturbe-Ormaetxe, I. and Walker, T. and O'Neill, S.},
  TITLE =		  {Wolbachia and the biological control of mosquito-borne disease},
  JOURNAL =		  {Embo Report},
  YEAR =		  {2011},
  volume =		  {12},
  number = 		  {6}, 
  pages =		  {508-518}
}

@MISC{maia,
  author =       	  {Maia, L. J. V.},
  title =       	  {Modelo para invasão biológica da Wolbachia em populações de mosquitos Aedes aegypti},
  howpublished = 	  {Unioeste: Trabalho de Conclusão de Curso},
  year =         	  {2013}
}

@MISC{boletim,
  author =       	  {Ministério da Saúde. Secretaria de Vigilância em Saúde},
  title =       	  {Boletim Epidemiológico. Vol. 46. num 3},
  howpublished = 	  {Consultado na INTERNET: http://portalsaude.saude.gov.br/images/pdf/2015/janeiro/19/2015-002-BE-at-SE-53.pdf},
  year =         	  {2015}
}

@MANUAL{manualMS,
  author =       	  {Ministério da Saúde},
  title =       	  {Dengue. Instruções Para Pessoal de Combate ao Vetor - Manual de Normas Técnicas},
  howpublished = 	  {Consultado na INTERNET: http://bvsms.saude.gov.br/bvs/publicacoes/funasa/man\_dengue.pdf},
  year =         	  {2015}
}

@BOOK{inteligenciaArtificial,
  AUTHOR =		  {Stuart Russel and Peter Norvig},
  TITLE =		  {Inteligência Artificial},
  PUBLISHER =	  	  {Elsevier},
  YEAR =		  {2004}
}

@ARTICLE{schriber,
  AUTHOR =		  {Schriber, J.G.},
  TITLE =		  {Constraints on the use of lifespan-shortening Wolbachia to control dengue fever},
  JOURNAL =		  {Journal of Theoretical Biology},
  YEAR =		  {2012},
  volume =		  {297},
  pages =		  {26-32}
}

@MISC{who1,
  author =       	  {World Health Organization - WHO},
  title =       	  {Dengue and severe dengue},
  howpublished = 	  {Consultado na INTERNET: http://www.who.int/mediacentre/factsheets/fs117/en/},
  year =         	  {2015}
}

@MISC{who2,
  author =       	  {World Health Organization - WHO},
  title =       	  {Dengue: guidelines for diagnosis, treatment, prevention and control},
  howpublished = 	  {Consultado na INTERNET: http://whqlibdoc.who.int/publications/2009/9789241547871\_eng.pdf},
  year =         	  {2009}
}
